@book{griffiths,
    author = "David J. Griffiths",
    title = "Introduction to Electrodynamics",
    publisher = "Cambridge University Press",
    edition = "Fourth",
    year = "2017",
    keywords = "physics"
}

@book{byronfuller,
    author = "Frederick W. Byron and Robert W. Fuller",
    title = "Mathematics of Classical and Quantum Physics",
    publisher = "Dover Publications, Inc.",
    year = "1970"
}

@online{fragile,
    author = "Luke Smith",
    title = "The Fragility of Physics",
    url = "https://lukesmith.xyz/articles/the-fragility-of-physics",
    addendum = "(accessed: 02.07.2021)"
}

@article{aharonovbohm,
    author = "Eliahu Cohen and Hugo Larocque and Frederic Bouchard and Farshad Nejadsattari and Yuval Gefen and Ebrahim Karimi",
    title = "Geometric phase from Aharonov–Bohm to Pancharatnam–Berry and beyond",
    year = "2019",
    journal = "Nature Reviews Physics",
    volume = "1",
    pages = "437--449",
    DOI = "https://doi.org/10.1038/s42254-019-0071-1",
    keywords = "physics"
}
