@book{griffiths,
    author = "David J. Griffiths",
    title = "Introduction to Electrodynamics",
    publisher = "Cambridge University Press",
    edition = "Fourth",
    year = "2017"
}

@book{byronfuller,
    author = "Frederick W. Byron and Robert W. Fuller",
    title = "Mathematics of Classical and Quantum Physics",
    publisher = "Dover Publications, Inc.",
    year = "1970"
}

@book{mathmethods,
    author = "Ken F. Riley and Michael P. Hobson and Stephen J. Bence",
    title = "Mathematical Methods for Physics and Engineering",
    publisher = "Cambridge University Press",
    edition = "Third"
}

@book{newman,
    author = "Mark Newman",
    title = "Computational Physics",
    publisher = "CreateSpace Independent Publishing Platform",
    year = "2012"
}

@book{taylor,
    author = "John R. Taylor",
    title = "Classical Mechanics",
    publisher = "University Science Books",
    year = "2005"
}

@book{haberman,
    author = "Richard Haberman",
    title = "Applied Partial Differential Equations with Fourier Series and Boundary Value Problems",
    publisher = "Pearson",
    edition = "fifth"
}

@book{ross,
    author = "Kenneth A. Ross",
    title = "Elementary Analysis. The Theory of Calculus",
    publisher = "Springer",
    year = "2013"
}
